% Encoding: windows-1252
 
@Book{Dongen2012,
  author    = {Marc van Dongen},
  publisher = {Springer},
  title     = {LaTeX and Friends},
  year      = {2012},
  pages     = {300},
  edition   = {2012},
  owner     = {Prof. Ausberto S. Castro V.},
  timestamp = {08.02.2018},
}

@Book{Gratzer2013,
  Title                    = {Math Into LaTeX},
  Author                   = {George Gratzer},
  Year                     = {2013},
  Edition                  = {3},
  Editor                   = {Birkh{\"a}user Springer},

  Owner                    = {Prof. Ausberto S. Castro V.},
  Timestamp                = {08.05.2015}
}

@Book{Gratzer2014,
  Title                    = {Practical LaTeX},
  Author                   = {George Gratzer},
  Year                     = {2014},
  Number                   = {216},
  Publisher                = {Springer},

  Owner                    = {Prof. Ausberto S. Castro V.},
  Timestamp                = {08.05.2015}
}

@Book{Gratzer1993,
  Title                    = {Math into TEX: A Simple Introduction to AMS-Latex/Book and Disk},
  Author                   = {Gratzer, George A.},
  Year                     = {1993},
  Edition                  = {1st},
  ISBN                     = {0817636374},
  Publisher                = {Birkhauser Boston},

  Owner                    = {Prof. Ausberto S. Castro V.},
  Timestamp                = {08.05.2015}
}

@Book{Kottwitz2011,
  title     = {LaTeX Beginner's Guide},
  publisher = {Packt Publishing},
  year      = {2011},
  author    = {Stefan Kottwitz},
  number    = {ISBN-13: 978-1847199867},
  note      = {2011},
  owner     = {Prof. Ausberto S. Castro V.},
  pages     = {336},
  timestamp = {08.05.2015},
}

@Book{Mittelbach2004,
  Title                    = {The LaTeX Companion},
  Author                   = {Frank Mittelbach and  Michel Goossens and  Johannes Braams and David Carlisle and Chris Rowley},
  Year                     = {2004},
  Publisher                = {Addison-Wesley Professional},

  Owner                    = {Prof. Ausberto S. Castro Vera},
  Timestamp                = {08.05.2015}
}

@Article{Wright2010,
  author    = {C. H. G. Wright},
  title     = {Technical Writing Tools for Engineers and Scientists},
  journal   = {Computing in Science Engineering},
  year      = {2010},
  volume    = {12},
  number    = {5},
  pages     = {98-103},
  month     = {Sept},
  issn      = {1521-9615},
  doi       = {10.1109/MCSE.2010.115},
  keywords  = {public domain software;software packages;software tools;word processing;Corel WordPerfect;Google Docs;LaTeX;Microsoft Word;OpenOffice Writer;Zoho Writer;business documents;business-oriented word processors;free online writing tools;free software package;technical writing tools;Books;Conferences;Equations;Mice;Program processors;Typesetting;Writing;LaTeX;OpenOffice;Technical writing;Word;scientific computing;word processor},
  owner     = {Prof. Ausberto S. Castro V.},
  timestamp = {01.04.2018},
}

@InProceedings{Deng2017,
  author    = {Y. Deng and Y. Yu and J. Yao and C. Sun},
  title     = {An attention based image to latex markup decoder},
  booktitle = {2017 Chinese Automation Congress (CAC)},
  year      = {2017},
  pages     = {7199-7203},
  month     = {Oct},
  doi       = {10.1109/CAC.2017.8244077},
  keywords  = {decoding;document image processing;IM2LATEX-100K dataset;OCR;attention based image;attention based two-way encoder-decoder structure;image captioning systems;latex markup decoder;optical character recognition;Data models;Decoding;Kernel;Optical character recognition software;Training;Im2Latex;OCR;attention model;seq2seq},
  owner     = {Prof. Ausberto S. Castro V.},
  timestamp = {01.04.2018},
}

@Article{Shaw1984,
  author    = {M. Shaw},
  title     = {Abstraction Techniques in Modern Programming Languages},
  journal   = {IEEE Software},
  year      = {1984},
  volume    = {1},
  number    = {4},
  pages     = {10-26},
  month     = {Oct},
  issn      = {0740-7459},
  doi       = {10.1109/MS.1984.229453},
  owner     = {Prof. Ausberto S. Castro V.},
  timestamp = {01.04.2018},
}

@InProceedings{Li2017,
  author    = {Y. Li and L. Shi and J. Hu and Q. Wang and J. Zhai},
  title     = {An Empirical Study to Revisit Productivity across Different Programming Languages},
  booktitle = {2017 24th Asia-Pacific Software Engineering Conference (APSEC)},
  year      = {2017},
  pages     = {526-533},
  month     = {Dec},
  doi       = {10.1109/APSEC.2017.60},
  keywords  = {Computer languages;Industries;Organizations;Productivity;Programming;Software;Standards organizations;Function Points;HLPL;Lines of code;OO;PO;Productivity variations;SL;VD},
  owner     = {Prof. Ausberto S. Castro V.},
  timestamp = {01.04.2018},
}

@Book{watt1990,
  author    = {Watt, David},
  publisher = {Prentice Hall},
  title     = {Programming language concepts and paradigms},
  year      = {1990},
  address   = {New York},
  isbn      = {978-0137288663},
  owner     = {Prof. Ausberto S. Castro V.},
  timestamp = {01.04.2018},
}

@TechReport{Warth2009,
  author      = {Alessandro Warth},
  title       = {Experimenting with Programming Languages},
  institution = {University of California, Los Angeles},
  year        = {2009},
  owner       = {Prof. Ausberto S. Castro V.},
  timestamp   = {01.04.2018},
}

@Book{lamport1994,
  author    = {Lamport, Leslie},
  publisher = {Addison-Wesley Pub. Co},
  title     = {LATEX : a document preparation system : user's guide and reference manual},
  year      = {1994},
  address   = {Reading, Mass},
  isbn      = {978-0201529838},
  owner     = {Prof. Ausberto S. Castro V.},
  timestamp = {01.04.2018},
}

@Book{kottwitz2015,
  author    = {Kottwitz, Stefan},
  publisher = {Packt Publishing},
  title     = {LaTeX cookbook : over 90 hands-on recipes for quickly preparing LaTeX documents to solve various challenging tasks},
  year      = {2015},
  address   = {Birmingham, UK},
  isbn      = {978-1784395148},
  owner     = {Prof. Ausberto S. Castro V.},
  timestamp = {01.04.2018},
}

@Book{Marconi2019,
  address   = {{S{\~a}o Paulo, SP}},
  author    = {{Marina de Andrade} Marconi and Eva Maria Lakatos},
  publisher = {Atlas},
  title     = {{Fundamentos de Metodologia Cient{\'\i}fica}},
  year      = {2019},
  edition   = {8},
  owner     = {Prof. Ausberto S. Castro Vera - UENF},
  timestamp = {13-04-2021},
}

@Book{Gil2017,
  address   = {{S{\~a}o Paulo, SP}},
  author    = {Antonio Carlos Gil},
  edition   = {6},
  publisher = {Editora Atlas S. A},
  title     = {Como Elaborar Projetos de Pesquisa},
  year      = {2017},
}

@Comment{jabref-meta: databaseType:bibtex;}
