% article: Para artigos de revistas.
% book: Para livros.
% conference: Para conferências.
% inbook: Para uma parte de um livro, como um capítulo ou páginas específicas.
% incollection: Para uma parte de um livro que faz parte de uma coleção.
% manual: Para documentação técnica.
% mastersthesis: Para dissertações de mestrado.
% misc: Para qualquer outro tipo de documento não coberto pelos tipos acima.
% phdthesis: Para teses de doutorado.
% techreport: Para relatórios técnicos.
% unpublished: Para documentos não publicados.

@inproceedings{Alencar2019,
  address       = {Prague, Czech Republic},
  author        = {Wanderley de Souza Alencar AND Hugo Alexandre Dantas do Nascimento AND Fabr{\'i}zzio Alphonsus Alves de Melo Nunes Soares AND Humberto Jos{\'e} Longo},
  booktitle     = {Proceedings of the 14th International Joint Conference on Computer Vision, Imaging and Computer Graphics Theory and Applications},
  doi           = {10.5220/0007375802750281},
  isbn          = {978-989-758-354-4},
  keywords      = {Timetabling, Visualization, Educational, Systematic Review of the Literature, Scheduling, Interactive, NP-hard problem.},
  pages         = {275--281},
  publisher     = {SCITEPRESS - Science and Technology Publications},
  shorttitle    = {Visualization Methods for Educational Timetabling Problems},
  title         = {Visualization Methods for Educational Timetabling Problems: A Systematic Review of Literature},
  url           = {https://doi.org/10.5220/0007375802750281},
  urlaccessdate = {25/04/2024},
  year          = {2019}
}

@incollection{AlencarNascimento2019,
  address       = {Cham},
  author        = {Wanderley de Souza Alencar AND Hugo Alexandre Dantas do Nascimento AND Walid Abdala Rfaei Jradi AND Fabr{\'i}zzio Alphonsus Alves de Melo Nunes Soares AND Juliana Paula Felix},
  booktitle     = {Advances in Visual Computing},
  doi           = {10.1007/978-3-030-33720-9_21},
  editor        = {Bebis, George and Boyle, Richard and Parvin, Bahram and Koracin, Darko and Ushizima, Daniela and Chai, Sek and Sueda, Shinjiro and Lin, Xin and Lu, Aidong and Thalmann, Daniel and Wang, Chaoli and Xu, Panpan},
  isbn          = {978-3-030-33719-3 978-3-030-33720-9},
  language      = {en},
  note          = {Series Title: Lecture Notes in Computer Science},
  pages         = {275--288},
  publisher     = {Springer International Publishing},
  title         = {Information Visualization for Highlighting Conflicts in Educational Timetabling Problems},
  url           = {https://doi.org/10.1007/978-3-030-33720-9_21},
  urlaccessdate = {25/04/2024},
  volume        = {11844},
  year          = {2019}
}

@inproceedings{alvarez_building_2014,
  address       = {Puerto de la Cruz Tenerife Spain},
  author        = {Álvarez, Carlos G. Prieto and Reynaga, Lluvia Morales and Rocha, Mario A. Moreno and Mar{\'i}nez, Jos{\'e} Figueroa},
  booktitle     = {Proceedings of the XV International Conference on Human Computer Interaction},
  doi           = {10.1145/2662253.2662328},
  isbn          = {978-1-4503-2880-7},
  language      = {en},
  month         = sep,
  pages         = {1--2},
  publisher     = {ACM},
  title         = {Building an Easy to Use Flexible University Timetabling User Interface},
  url           = {https://doi.org/10.1145/2662253.2662328},
  urlaccessdate = {25/04/2024},
  year          = {2014}
}

@article{andrade_optimization_2019,
  abstract      = {Abstract This paper addresses the school timetabling problem, which consists of defining the date and time in which classes will be given by teachers in educational institutions. For this purpose, a tool that uses Operational Research (OR) techniques was developed, focused on generating and optimizing Elementary and High School timetables, taking into account teachers' preferences for certain days or for sequenced (twinned) classes. Conductive to solving the problem, a Non Linear Binary Integer Programming mathematical model (NLBIP) and Local Search (LS) and Iterated Local Search (ILS) procedures were comparatively applied. A real problem with 14 timetables of public schools in the city of Araucária (in Paraná State, Brazil) was analyzed. The results indicate that the computational time required by the mathematical model is feasible for the problems in question. The ILS technique has the potential for testing larger scale problems, as it presents a dispersion of 3.5\% to 7.7\% relative to the optimal solution (obtained by the NLBIP) and a computational time that is 15 to 338 times faster. ,  Resumo Este artigo aborda o problema de otimização na geração da grade horária escolar. Tal problema consiste em definir os dias e horários das disciplinas a serem ministradas por cada um dos professores de instituições de ensino. Para isto foi desenvolvida uma ferramenta que faz uso de técnicas de Pesquisa Operacional (PO), com foco na geração e otimização de grade horária de instituições de Ensino Fundamental, considerando as preferências dos professores, tais como, preferências por dias de aula e por aulas em sequência (geminadas). Para a resolução do problema foi utilizado um modelo matemático de Programação Não Linear Inteira Binária (PNLIB) e os procedimentos Busca Local (BL) e Iterated Local Search (ILS), comparativamente. Foi aqui analisado um problema real com 14 grades horárias de escolas públicas da cidade de Araucária, PR. Os resultados indicam que o tempo computacional demandado pelo modelo matemático é viável para os problemas analisados. A técnica ILS possui potencial para testes em problemas de maior porte, já que apresenta uma dispersão de 3,5\% a 7,7\% em relação à solução ótima (obtida pelo PNLIB), com tempo computacional de 15 a 338 vezes mais rápido.},
  author        = {Andrade, Pedro Rochavetz De Lara and Steiner, Maria Teresinha Arns and G{\'o}es, Anderson Roges Teixeira},
  doi           = {10.1590/0104-530x3241-19},
  issn          = {1806-9649, 0104-530X},
  journal       = {Gestão \& Produção},
  number        = {4},
  pages         = {23},
  title         = {Optimization in timetabling in schools using a mathematical model, local search and Iterated Local Search procedures},
  url           = {https://doi.org/10.1590/0104-530X3241-19},
  urlaccessdate = {25/04/2024},
  volume        = {26},
  year          = {2019}
}

@article{Andre2018,
  abstract      = {Goal of this research is to introduce how the implementation of Interaction Design can solve problem of UI/UX in mobile devices. The method used here is Interaction Design, the study of designing interactive digital products with user-centered approach to deliver engaging and better user experiences (UX). One of interesting interactive product is University Timetable Plotting System, an application used to manage course scheduling that produces busy screen with large timetable. Problems occurred because this system have inadequate support for user with relatively low resolution (like smartphone) compared to desktop thus affect negative UX. Interaction design workflow begins with collecting data to establishing requirement, following with designing alternatives. Based on usability evaluation, Instruction approach proved to produce high satisfaction rating rather than direct manipulation approach. This research proved that Interaction Design could be utilize on the process of creating Interactive Products. In conclusion its challenging to convert plotting UI into mobile version and this paper demonstrate that Interaction design successfully guides developer and UI designer to design better UI/UX experiences.},
  author        = {Andre Andre AND Hendra Dinata},
  doi           = {10.1088/1757-899X/407/1/012174},
  issn          = {1757-899X},
  journal       = {IOP Conference Series: Materials Science and Engineering},
  month         = sep,
  number        = {1},
  pages         = {8},
  publisher     = {IOP Publishing},
  title         = {Interaction Design to Enhance UX of University Timetable Plotting System on Mobile Version},
  url           = {https://doi.org/10.1088/1757-899X/407/1/012174},
  urlaccessdate = {25/04/2024},
  volume        = {407},
  year          = {2018}
}

@article{Arratia2021,
  author        = {Nancy Maribel Arratia-Mart{\'i}nez AND Cristina Maya Padr{\'o}n AND Paulina Alejandra {\'A}vila Torres},
  doi           = {10.1155/2021/6617177},
  editor        = {Abdul Qadeer Khan},
  issn          = {1563-5147, 1024-123X},
  journal       = {Mathematical Problems in Engineering},
  keywords      = {Tabela},
  language      = {en},
  month         = jan,
  pages         = {1--9},
  title         = {University Course Timetabling Problem with Professor Assignment},
  url           = {https://doi.org/10.1155/2021/6617177},
  urlaccessdate = {25/04/2024},
  volume        = {2021},
  year          = {2021}
}

@article{babaei_survey_2015,
  author        = {Hamed Babaei AND Jaber Karimpour AND Amin Hadidi},
  doi           = {10.1016/j.cie.2014.11.010},
  issn          = {03608352},
  journal       = {Computers \& Industrial Engineering},
  language      = {en},
  month         = aug,
  pages         = {43--59},
  title         = {A survey of approaches for university course timetabling problem},
  url           = {https://doi.org/10.1016/j.cie.2014.11.010},
  urlaccessdate = {25/04/2024},
  volume        = {86},
  year          = {2015}
}

@article{barata_problema_2016,
  abstract      = {Um dos grandes problemas das Instituições de Ensino Superior brasileiras, ao iniciar o seu período letivo, é a programação dos horários das aulas. Este problema, abordado por diversos pesquisadores, se torna de difícil resolução devido ao grande número de possibilidades a serem analisadas e à necessidade de verificação de uma série de requisitos, muitos dos quais, conflitantes entre si, o que torna o espaço de busca vasto e altamente restrito. É uma tarefa difícil que demanda tempo e nem sempre consegue resolver o problema sem conflitos de disponibilidades dos docentes envolvidos. O objetivo deste artigo é propor a automatização da geração das grades horárias para o corpo docente do curso de Ciência da Computação do Centro Universitário Serra dos Órgãos (UNIFESO), utilizando o software livre Free Timetabling Program (FET), tornando o processo mais rápido, seguro e eficaz.},
  author        = {Bruno Marcelo Pena Barata AND Raphael Carlos de Medeiros AND Carlos Eduardo Costa Vieira AND J{\'u}lio C{\'e}sar da Silva},
  doi           = {10.21727/teccen.v3i2.245},
  issn          = {1984-0993},
  journal       = {Revista Eletrônica TECCEN},
  month         = oct,
  number        = {2},
  pages         = {13},
  shorttitle    = {Problema de Alocação de Horários},
  title         = {Problema de Alocação de Horários: um Estudo de Caso Utilizando o Software Livre FET},
  url           = {https://editora.univassouras.edu.br/index.php/TECCEN/article/view/245},
  urlaccessdate = {25/04/2024},
  volume        = {3},
  year          = {2016}
}

@article{Barham1978,
  abstract      = {A common class of problem in the area of course timetabling is the scheduling of optional subjects so that each member of the class is able to attend as many as possible of his preferred options without clashes. A simple heuristic framework is described which produces near-optimal solutions very quickly. Various decision rules are tested on actual course data and the best available policies are identified.},
  author        = {Alan M. Barham and John B. Westwood},
  doi           = {10.2307/3009353},
  issn          = {01605682, 14769360},
  journal       = {The Journal of the Operational Research Society},
  month         = nov,
  number        = {11},
  pages         = {1055--1060},
  publisher     = {Palgrave Macmillan Journals},
  title         = {A Simple Heuristic to Facilitate Course Timetabling},
  url           = {https://doi.org/10.2307/3009353},
  urlaccessdate = {25/04/2024},
  volume        = {29},
  year          = {1978}
}

@inproceedings{bhaduri_university_2009,
  abstract      = {Abstract The two words 'scheduling' and 'planning' are often used interchangeably, but they signify different things. Planning gives 'a plan' and scheduling gives 'a schedule'. A plan deals with 'what to do?' and a schedule deals with 'When to do those?' . Academic Timetabling is the procedure of assigning classes to time-slots and classrooms, subjected to various constraints. For example in Examination timetabling scheduling problem, we have to assign various exams to different time periods in a way that satisfies a set of constraints and preferences. Many researchers worked on various timetabling problems.University course timetable scheduling, Exmination time table scheduling and school time table scheduling are some examples of academic time scheduling problems.In this paper , we presented detailed review of the said problems.},
  address       = {Kottayam, Kerala, India},
  author        = {Bhaduri, Antariksha},
  booktitle     = {2009 International Conference on Advances in Recent Technologies in Communication and Computing},
  doi           = {10.1109/ARTCom.2009.117},
  isbn          = {978-1-4244-5104-3},
  keywords      = {Muitas Referências},
  language      = {en},
  pages         = {289--292},
  publisher     = {IEEE},
  title         = {University Time Table Scheduling Using Genetic Artificial Immune Network},
  url           = {https://doi.org/10.1109/ARTCom.2009.117},
  urlaccessdate = {25/04/2024},
  year          = {2009}
}

@article{bucco_desenvolvimento_2017,
  abstract      = {Resumo: A construção de grades horárias dos cursos de uma universidade é um problema que deve ser enfrentado no início de todos os semestres e, por mobilizar quantidades significativas de recursos, se constitui numa importante tarefa administrativa. É classificado, em termos de complexidade computacional, como NP-hard, o que implica grande exigência de capacidade de processamento. É modelado de maneiras muito diversas, no intuito de se obter adequação quanto ao contexto educacional do país, às regras específicas da instituição ou aos objetivos específicos dos gestores, entre outros. Neste artigo, propõe-se um modelo matemático para construir grades de horários, otimizando a utilização de salas de aula. Para resolver o modelo proposto, desenvolveu-se um algoritmo que divide o problema para viabilizar o uso de programação linear inteira mista. Experimentos computacionais aplicados a uma base de dados real de uma universidade pública brasileira confirmaram o bom desempenho da abordagem proposta, reduzindo consideravelmente a quantidade de salas de aulas alocadas. Abstract: Creating timetables for courses is a problem that universities face at the beginning of every semester. This activity represents an important administrative task because it consumes significant amount of resources. In terms of computational complexity, this is classified as NP-hard, as it demands a huge amount of processing capacity. Timetabling is modeled in a number of different ways, aiming to fit the country's educational context, meet specific rules of institutions of higher education or specific goals of managers, among others. In this paper, we propose a mathematical model to solve the University Course Timetabling Problem and optimize classroom utilization. To solve the proposed model, an algorithm that divides the problem was developed, solving it with mixed integer linear programming tools. Computational experiments applied to a real database of a Brazilian public university confirmed the good performance of the proposed approach, which greatly reduces the amount of assigned classrooms.},
  author        = {Bucco, Guilherme Brandelli AND Bornia-Poulsen, Camilo José AND Bandeira, Denise Lindstrom},
  doi           = {10.1590/0104-530x2133-15},
  issn          = {1806-9649, 0104-530X},
  journal       = {Gestão \& Produção},
  month         = feb,
  number        = {1},
  pages         = {40--49},
  title         = {Desenvolvimento de um modelo de programação linear para o Problema da Construção de Grades Horárias em Universidades},
  url           = {https://doi.org/10.1590/0104-530X2133-15},
  urlaccessdate = {25/04/2024},
  volume        = {24},
  year          = {2017}
}

@article{Burke2000,
  author        = {Edmund K. Burke AND Bart L. MacCarthy AND Sanja Petrović AND Rong Qu},
  doi           = {10.1016/S0950-7051(00)00057-5},
  issn          = {09507051},
  journal       = {Knowledge-Based Systems},
  language      = {en},
  month         = apr,
  number        = {2-3},
  pages         = {159--165},
  title         = {Structured cases in case-based reasoning—re-using and adapting cases for time-tabling problems},
  url           = {https://doi.org/10.1016/S0950-7051(00)00057-5},
  urlaccessdate = {25/04/2024},
  volume        = {13},
  year          = {2000}
}

@manual{Calendario2023_1,
  author        = {{Universidade Estadual do Norte Fluminense Darcy Ribeiro} UENF AND {Secretaria Acadêmica} SECACAD AND {Reitoria}},
  month         = apr,
  title         = {Calendário da Graduação - 2023.1},
  url           = {https://uenf.br/portal/wp-content/uploads/2022/11/Calendario_Academico_Graduacao_2023_11.pdf},
  urlaccessdate = {04/05/2024},
  year          = {2023}
}

@manual{Calendario2023_2,
  author        = {{Universidade Estadual do Norte Fluminense Darcy Ribeiro} UENF AND {Secretaria Acadêmica} SECACAD AND {Reitoria}},
  month         = apr,
  title         = {Calendário da Graduação - 2023.2},
  url           = {https://uenf.br/portal/wp-content/uploads/2023/12/Novo-Calendario-2023-02.pdf},
  urlaccessdate = {04/05/2024},
  year          = {2023}
}

@article{de_la_rosa-rivera_measuring_2021,
  author        = {De La Rosa-Rivera, Felipe and Nunez-Varela, Jose I. and Puente-Montejano, Cesar A. and Nava-Mu{\~n}oz, Sandra E.},
  doi           = {10.1007/s10951-020-00641-y},
  issn          = {1094-6136, 1099-1425},
  journal       = {Journal of Scheduling},
  language      = {en},
  month         = feb,
  number        = {1},
  pages         = {103--121},
  title         = {Measuring the complexity of university timetabling instances},
  url           = {https://doi.org/10.1007/s10951-020-00641-y},
  urlaccessdate = {25/04/2024},
  volume        = {24},
  year          = {2021}
}

@article{Dunke2023,
  abstract      = {Abstract Course timetables are the organizational foundation of a university's educational program. While students and lecturers perceive timetable quality individually according to their preferences, there are also collective criteria derived normatively such as balanced workloads or idle time avoidance. A recent challenge and opportunity in curriculum-based timetabling consists of customizing timetables with respect to individual student preferences and with respect to integrating online courses as part of modern course programs or in reaction to flexibility requirements as posed in pandemic situations. Curricula consisting of (large) lectures and (small) tutorials further open the possibility for optimizing not only the lecture and tutorial plan for all students but also the assignments of individual students to tutorial slots. In this paper, we develop a multi-level planning process for university timetabling: On the tactical level, a lecture and tutorial plan is determined for a set of study programs; on the operational level, individual timetables are generated for each student interlacing the lecture plan through a selection of tutorials from the tutorial plan favoring individual preferences. We utilize this mathematical-programming-based planning process as part of a matheuristic which implements a genetic algorithm in order to improve lecture plans, tutorial plans, and individual timetables so as to find an overall university program with well-balanced timetable performance criteria. Since the evaluation of the fitness function amounts to invoking the entire planning process, we additionally provide a proxy in the form of an artificial neural network metamodel. Computational results exhibit the procedure's capability of generating high quality schedules.},
  author        = {Dunke, Fabian and Nickel, Stefan},
  doi           = {10.1007/s10479-023-05325-2},
  issn          = {0254-5330, 1572-9338},
  journal       = {Annals of Operations Research},
  language      = {en},
  month         = apr,
  pages         = {1--36},
  title         = {A matheuristic for customized multi-level multi-criteria university timetabling},
  url           = {https://doi.org/10.1007/s10479-023-05325-2},
  urlaccessdate = {25/04/2024},
  year          = {2023}
}

@manual{Estatuto2002,
  address       = {Universidade Estadual do Norte Fluminense Darcy Ribeiro},
  author        = {{Universidade Estadual do Norte Fluminense Darcy Ribeiro} UENF},
  month         = feb,
  pages         = {36},
  title         = {Estatuto},
  url           = {https://uenf.br/UENF_ARQUIVOS/Downloads/REITORIA_1360_1101117875.pdf},
  urlaccessdate = {04/05/2024},
  year          = {2002}
}

@book{Frada2008,
  address       = {Berlin, Heidelberg},
  author        = {Frada Burstein AND Clyde W. Holsapple},
  copyright     = {http://www.springer.com/tdm},
  doi           = {10.1007/978-3-540-48713-5},
  isbn          = {9783540487128 9783540487135},
  language      = {en},
  publisher     = {Springer Berlin Heidelberg},
  title         = {Handbook on Decision Support Systems 1},
  url           = {http://link.springer.com/10.1007/978-3-540-48713-5},
  urlaccessdate = {11/07/2024},
  urldate       = {2024-07-11},
  year          = {2008}
}

@incollection{goos_case_2001,
  address       = {Berlin, Heidelberg},
  author        = {Chan, Shu Wing and Zhao, Weigang},
  booktitle     = {Web Engineering},
  doi           = {10.1007/3-540-45144-7_23},
  editor        = {Goos, Gerhard and Hartmanis, Juris and Van Leeuwen, Jan and Murugesan, San and Deshpande, Yogesh},
  isbn          = {978-3-540-42130-6 978-3-540-45144-0},
  note          = {Series Title: Lecture Notes in Computer Science},
  pages         = {236--244},
  publisher     = {Springer Berlin Heidelberg},
  title         = {A Case Study of a Web-Based Timetabling System},
  url           = {https://doi.org/10.1007/3-540-45144-7_23},
  urlaccessdate = {25/04/2024},
  volume        = {2016},
  year          = {2001}
}

@misc{Haddad2018,
  author        = {Neiva Haddad},
  howpublished  = {Página na internet},
  month         = aug,
  title         = {Horário - Engenharia Civil - 2017-02 e 2018-02},
  url           = {https://uenf.br/cct/leciv/graduacao/horario-2017-01},
  urlaccessdate = {07/05/2024},
  year          = {2018}
}

@article{KADAM2016,
  author        = {Kadam, Vinod and Yadav, Samir},
  issn          = {2394-8299},
  journal       = {International Journal of Research In Science & Engineering},
  month         = apr,
  pages         = {417--423},
  title         = {ACADEMIC TIMETABLE SCHEDULING : REVISITED},
  url           = {https://www.researchgate.net/publication/301564510_ACADEMIC_TIMETABLE_SCHEDULING_REVISITED},
  urlaccessdate = {25/04/2024},
  volume        = {4},
  year          = {2016}
}

@incollection{kendall_investigation_2005,
  address       = {New York},
  author        = {Kendall, Graham and Hussin, Naimah Mohd},
  booktitle     = {Multidisciplinary Scheduling: Theory and Applications},
  doi           = {10.1007/0-387-27744-7_15},
  editor        = {Kendall, Graham and Burke, Edmund K. and Petrovic, Sanja and Gendreau, Michel},
  isbn          = {978-0-387-25266-7},
  language      = {en},
  pages         = {309--328},
  publisher     = {Springer-Verlag},
  title         = {An Investigation of a Tabu-Search-Based Hyper-Heuristic for Examination Timetabling},
  url           = {https://doi.org/10.1007/0-387-27744-7_15},
  urlaccessdate = {25/04/2024},
  year          = {2005}
}

@article{klevanskiy_cognitive_2017,
  author        = {Klevanskiy, N.N. and Antipov, M.A. and Krasnikov, A.A.},
  doi           = {10.1016/j.procs.2017.01.020},
  issn          = {18770509},
  journal       = {Procedia Computer Science},
  language      = {en},
  pages         = {94--99},
  shorttitle    = {Cognitive Aspects of Timetable Visualization},
  title         = {Cognitive Aspects of Timetable Visualization: Support Decision Making},
  url           = {https://doi.org/10.1016/j.procs.2017.01.020},
  urlaccessdate = {25/04/2024},
  volume        = {103},
  year          = {2017}
}

@article{larabi-marie-sainte_impact_2021,
  abstract      = {Student's academic performance is the point of interest for both the student and the academic institution in higher education. This performance can be affected by several factors and one of them is student absences. This is mainly due to the missed lectures and other class activities. Studies related to university timetabling investigate the different techniques and algorithms to design course timetables without analyzing the relationship between student attendance behavior and timetable design. This article first aimed at demonstrating the impact of absences and timetabling design on student's academic performance. Secondly, this study showed that the number of absences can be caused by three main timetable design factors: namely, (1) the number of courses per semester, (2) the average number of lectures per day and (3) the average number of free timeslots per day. This was demonstrated using Educational Data Mining on a large dataset collected from Prince Sultan University. The results showed a high prediction performance reaching 92\% when predicting student's GPA based on absences and the factors related to timetabling design. High prediction performance reaching 87\% was also obtained when predicting student absences based on the three timetable factors mentioned above. The results demonstrated the importance of designing course timetables in view of student absence behavior. Some suggestions were reported such as limiting the number of enrolled courses based on student's GPA, avoiding busy and almost free days and using automated timetabling to minimize the number of predicted absences. This in turn will help in generating balanced student timetables, and thus improving student academic performance.},
  author        = {Larabi-Marie-Sainte, Souad and Jan, Roohi and Al-Matouq, Ali and Alabduhadi, Sara},
  doi           = {10.1371/journal.pone.0253256},
  editor        = {Xie, Haoran},
  issn          = {1932-6203},
  journal       = {PLOS ONE},
  language      = {en},
  month         = jun,
  number        = {6},
  pages         = {e0253256},
  title         = {The impact of timetable on student's absences and performance},
  url           = {https://doi.org/10.1371/journal.pone.0253256},
  urlaccessdate = {25/04/2024},
  volume        = {16},
  year          = {2021}
}

@article{limota_solving_2021,
  abstract      = {Many mathematical optimization problems from real-life applications are NP-hard, and hence no algorithm that solves them to optimality within a reasonable time is known. For this reason, metaheuristic methods are mostly preferred when their size is big. Many meta-heuristic methods have been proposed to solve various combinatorial optimization problems. One of the newly introduced metaheuristic methods is a bat-inspired algorithm, which is based on the echolocation behaviour of microbats. Bat algorithm (BA) and its variants have been used successfully to solve several optimization problems. However, from the No-free Lunch Theorem, it is known that there is no universal metaheuristic method that can solve efficiently all optimization problems. Thus, this study work focused on investigating the usefulness of BA in solving an optimization problem called Course Teaching Problem (CTP). Since BA was originally designed to solve continuous problems, and CTP is a combinatorial optimization problem, a discrete version of BA for CPT has been proposed and tested using real-life data from the Dar es Salaam University College of Education (DUCE). The algorithm has produced promising results, as in each execution test, it generated a timetable in which all hard constraints were met and soft constraints were significantly satisfied within a few iterations.},
  author        = {Limota, Ushindi and Mujuni, Egbert and Mushi, Allen},
  doi           = {10.4314/tjs.v47i2.23},
  issn          = {2507-7961, 0856-1761},
  journal       = {Tanzania Journal of Science},
  keywords      = {Combinatorial optimization, Timetabling problem, Metaheuristic algorithms, Bat algorithm},
  month         = may,
  number        = {2},
  pages         = {674--685},
  title         = {Solving the University course timetabling problem using bat inspired algorithm},
  url           = {https://doi.org/10.4314/tjs.v47i2.23},
  urlaccessdate = {25/04/2024},
  volume        = {47},
  year          = {2021}
}

@article{lindner_analysis_2022,
  abstract      = {Abstract: Public transportation networks are typically operated with a periodic timetable. The periodic event scheduling problem (PESP) is the standard mathematical modeling tool for periodic timetabling. PESP is a computationally very challenging problem: For example, solving the instances of the benchmarking library PESPlib to optimality seems out of reach. Since PESP can be solved in linear time on trees, and the treewidth is a rather small graph parameter in the networks of the PESPlib, it is a natural question to ask whether there are polynomial-time algorithms for input networks of bounded treewidth, or even better, fixed-parameter tractable algorithms. We show that deciding the feasibility of a PESP instance is NP-hard even when the treewidth is 2, the branchwidth is 2, or the carvingwidth is 3. Analogous results hold for the optimization of reduced PESP instances, where the feasibility problem is trivial. Moreover, we show W[1]-hardness of the general feasibility problem with respect to treewidth, which means that we can most likely only accomplish pseudo-polynomial-time algorithms on input networks with bounded tree- or branchwidth. We present two such algorithms based on dynamic programming. We further analyze the parameterized complexity of PESP with bounded cyclomatic number, diameter, or vertex cover number. For event-activity networks with a special—but standard—structure, we give explicit and sharp bounds on the branchwidth in terms of the maximum degree and the carvingwidth of an underlying line network. Finally, we investigate several parameters on the smallest instance of the benchmarking library PESPlib.},
  author        = {Lindner, Niels and Reisch, Julian},
  doi           = {10.1007/s10951-021-00719-1},
  issn          = {1094-6136, 1099-1425},
  journal       = {Journal of Scheduling},
  language      = {en},
  month         = apr,
  number        = {2},
  pages         = {157--176},
  title         = {An analysis of the parameterized complexity of periodic timetabling},
  url           = {https://doi.org/10.1007/s10951-021-00719-1},
  urlaccessdate = {25/04/2024},
  volume        = {25},
  year          = {2022}
}

@inproceedings{liyanage_requirement_2007,
  address       = {Peradeniya, Sri Lanka},
  author        = {Liyanage, Arunasiri K. and Udugama, L.S.K.},
  booktitle     = {2007 International Conference on Industrial and Information Systems},
  doi           = {10.1109/ICIINFS.2007.4579183},
  isbn          = {978-1-4244-1151-1},
  pages         = {249--254},
  publisher     = {IEEE},
  shorttitle    = {Requirement Declarative Markup Language for timetabling},
  title         = {Requirement Declarative Markup Language for timetabling: A case study based development},
  url           = {https://doi.org/10.1109/ICIINFS.2007.4579183},
  urlaccessdate = {25/04/2024},
  year          = {2007}
}

@manual{Matriz2015,
  address       = {Universidade Estadual do Norte Fluminense Darcy Ribeiro},
  author        = {{Universidade Estadual do Norte Fluminense Darcy Ribeiro} UENF},
  month         = jan,
  note          = {Coordenação de Ciência da Computação},
  pages         = {1},
  title         = {Matriz Curricular - Curso de Ciência da Computação},
  url           = {https://cc.uenf.br/arquivos/2014-gradeCurricularComputacao.pdf},
  urlaccessdate = {04/05/2024},
  year          = {2015}
}

@article{Miranda2012,
  abstract      = {A key process for post-secondary educational institutions is the definition of course timetables and classroom assignments. Manual scheduling methods require enormous amounts of time and resources to deliver results of questionable quality, and multiple course and classroom conflicts usually occur. This article presents a scheduling system implemented in a Web environment. This system generates optimal schedules via an integer-programming model. Among its functionalities, this system enables direct interaction with instructors in order to gather data on their time availability for teaching courses. The results demonstrate that significant improvements over the typical fully manual process were obtained.},
  author        = {Jaime Miranda and Pablo A. Rey and Jos{\'e} M. Robles},
  doi           = {10.1016/j.dss.2011.10.011},
  issn          = {01679236},
  journal       = {Decision Support Systems},
  keywords      = {Education planning, Web-based decision support system, Class scheduling, University timetabling, Operations research, Case study},
  language      = {en},
  month         = jan,
  number        = {2},
  pages         = {505--513},
  shorttitle    = {udpSkeduler},
  title         = {udpSkeduler: A Web architecture based decision support system for course and classroom scheduling},
  url           = {https://doi.org/10.1016/j.dss.2011.10.011},
  urlaccessdate = {25/04/2024},
  volume        = {52},
  year          = {2012}
}

@article{Mohamed2018,
  author        = {Mohamed El Ashhab and Abdulrahman Alghamdi},
  doi           = {10.21817/ijet/2018/v10i4/181004030},
  journal       = {International Journal of Engineering and Technology},
  month         = sep,
  pages         = {1102-1111},
  title         = {Two-Stage Multi-Objective University Courses Timetabling Using Genetic Algorithms},
  url           = {https://doi.org/10.21817/ijet/2018/v10i4/181004030},
  urlaccessdate = {25/04/2024},
  volume        = {10},
  year          = {2018}
}

@incollection{Murray2007,
  abstract      = {The modeling and solution approaches being used to automate construction of course timetables at a large university are discussed. A course structure model is presented that allows this complex real-world problem to be described using a classical formulation. The problem is then tackled utilizing a course timetabling solver model that transforms it into a constraint satisfaction and optimization problem. The tiered structure of this approach provides flexibility that is helpful in solving the multiple subproblems that arise from decomposition of the university-wide problem. A production system has been partially implemented and results of early use are presented. Practical issues raised during the implementation of the automated timetabling system are also discussed.},
  address       = {Berlin, Heidelberg},
  author        = {Keith Murray AND Tom{\'a}{\v{s}} M{\"u}ller and Hana Rudov{\'a}},
  booktitle     = {Practice and Theory of Automated Timetabling VI},
  doi           = {10.1007/978-3-540-77345-0_13},
  editor        = {Burke, Edmund K. and Rudová, Hana},
  isbn          = {978-3-540-77344-3},
  language      = {en},
  note          = {Series Title: Lecture Notes in Computer Science},
  pages         = {189--209},
  publisher     = {Springer Berlin Heidelberg},
  title         = {Modeling and Solution of a Complex University Course Timetabling Problem},
  url           = {https://doi.org/10.1007/978-3-540-77345-0_13},
  urlaccessdate = {25/04/2024},
  volume        = {3867},
  year          = {2007}
}

@article{mushi_tabu_2010,
  author        = {Allen Rangia Mushi},
  doi           = {10.4314/ajst.v7i1.55191},
  issn          = {1607-9949},
  journal       = {African Journal of Science and Technology},
  month         = jun,
  number        = {1},
  title         = {Tabu search heuristic for university course timetabling problem},
  url           = {https://doi.org/10.4314/ajst.v7i1.55191},
  urlaccessdate = {25/04/2024},
  volume        = {7},
  year          = {2010}
}

@book{noauthor_metaheuristics_2006,
  address       = {Berlin/Heidelberg},
  doi           = {10.1007/3-540-30966-7},
  isbn          = {978-3-540-23022-9},
  language      = {en},
  publisher     = {Springer-Verlag},
  title         = {Metaheuristics for Hard Optimization},
  url           = {https://doi.org/10.1007/3-540-30966-7},
  urlaccessdate = {25/04/2024},
  year          = {2006}
}

@manual{Normas2012,
  address       = {Universidade Estadual do Norte Fluminense Darcy Ribeiro},
  author        = {{Universidade Estadual do Norte Fluminense Darcy Ribeiro} UENF AND {Pr{\'o}-Reitoria de Gradua{\c{c}}{\~a}o} PROGRAD},
  month         = dec,
  pages         = {107},
  title         = {Normas da Graduação},
  url           = {https://uenf.br/graduacao/wp-content/uploads/2019/12/NormasGraduacaoRESCOLAC07_2019.pdf},
  urlaccessdate = {04/05/2024},
  year          = {2019}
}

@article{novita_design_2020,
  abstract      = {Abstract: Scheduling a semester exam at Sriwijaya State Polytechnic is an activity that is always done at the end of each semester. To meet the needs of preparing for the semester exam schedule requires special time and attention so that the exam schedule can be arranged properly. Preparing the semester exam scheduling will be better by using a computer application, so that the leadership and administration can more easily arrange the semester exam scheduling. In addition students and examiners can find out the exam schedule that must be done through the application. But the semester exam scheduling application is not yet available at educational institutions. Before building a good semester exam scheduling application requires a semester exam scheduling application design, so this design can meet all the needs needed when building an application. For this reason, this study aims to build the design of semester exam scheduling applications that can be used by admins, leaders, students and supervisors.},
  author        = {Novita, Nita and Aris Ganiardi, M and Ariyanti, Indri and Khairunnisa, Delta},
  doi           = {10.1088/1742-6596/1500/1/012123},
  issn          = {1742-6588, 1742-6596},
  journal       = {Journal of Physics: Conference Series},
  month         = apr,
  number        = {1},
  pages         = {012123},
  title         = {The Design Of The Semester Exam Scheduling Application At The State Polytechnic Of Sriwijaya},
  url           = {https://doi.org/10.1088/1742-6596/1500/1/012123},
  urlaccessdate = {25/04/2024},
  volume        = {1500},
  year          = {2020}
}

@article{oliveira_estudo_2013,
  abstract      = {
                   Este artigo documenta e analisa o processo de evolução das principais interfaces homem-máquina, com enfoque na usabilidade, e as diferenças tecnológicas entre elas. A pesquisa desempenhada para elaboração deste documento procura, também, experimentar o desempenho das interfaces CLI (Command Line Interface), GUI (Graphical User Interface) e NUI (Natural User Interface) por meio de um experimento de usabilidade que aborde as três interfaces em um único objetivo e permita o recolhimento de dados para avaliação.
                   
                   This article documents and analyzes the evolution of the main man-machine interfaces, with a focus on usability and technological differences between them. The research carried out for the preparation of this document also seeks to experience the performance of interfaces CLI (Command Line Interface) GUI (Graphical User Interface) and NUI (Natural User Interface) through an experiment that addresses the usability of three interfaces on a single goal and allow the collection of data for evaluation.},
  author        = {Oliveira, Felipe Francisco Ramos De and Ferreira, Marlon Marques and Furst, Alexandre},
  doi           = {10.18674/exacta.v6i2.1079},
  issn          = {1984-3151},
  journal       = {e-xacta},
  month         = nov,
  number        = {2},
  pages         = {93},
  title         = {ESTUDO DA USABILIDADE NAS INTERFACES HOMEM-MÁQUINA},
  url           = {https://doi.org/10.18674/exacta.v6i2.1079},
  urlaccessdate = {25/04/2024},
  volume        = {6},
  year          = {2013}
}

@article{passos_interacao_2011,
  abstract      = {Este artigo trata da relação entre a interface de um material educacional digital e as formas de interação entre aluno e conteúdo que esse dispositivo pode possibilitar. Para tanto, são apresentadas as definições de interface, de interação e de interatividade e argumenta-se a respeito da influência delas para a aprendizagem do aluno. Piaget (1974; 1996) postula que o conhecimento não procede nem do sujeito nem do objeto, mas é construído no caminho entre os dois, dependendo tanto de um, como de outro. Considerando o aluno como sujeito e a interface como objeto, a interface é colocada, neste caso, em igualdade de importância com o aluno. Pretende-se refletir a respeito da influência da interface na maneira como o aluno se apropria do conteúdo e como isso se reflete em seu aprendizado.},
  author        = {Passos, Paula Caroline Schifino Jardim and Behar, Patricia Alejandra},
  doi           = {10.22456/1679-1916.21886},
  issn          = {1679-1916},
  journal       = {RENOTE},
  month         = jul,
  number        = {1},
  title         = {Interação e Interatividade através das interfaces de materiais educacionais digitais},
  url           = {https://doi.org/10.22456/1679-1916.21886},
  urlaccessdate = {25/04/2024},
  volume        = {9},
  year          = {2011}
}

@manual{PDI2023,
  address       = {Universidade Estadual do Norte Fluminense Darcy Ribeiro},
  author        = {{Universidade Estadual do Norte Fluminense Darcy Ribeiro} UENF AND {Conselho Universitário} CONSUNI},
  month         = apr,
  pages         = {144},
  title         = {Plano de Desenvolvimento Insitucional 2023-2027},
  url           = {https://uenf.br/portal/wp-content/uploads/2023/12/Minuta-PDI-2023-2027-FinalRev-08-12-1.pdf},
  urlaccessdate = {04/05/2024},
  year          = {2023}
}

@article{Piechowiak2004,
  author        = {Sylvain Piechowiak AND Christophe Kolki Lamih},
  doi           = {10.1142/S0219622004000982},
  journal       = {International Journal of Information Technology \& Decision Making},
  keywords      = {Generic timetables model. Interactive timetabling. Multi points of view. Decision support tool.},
  number        = {1},
  pages         = {179--208},
  title         = {Towards a generic object oriented decision support system for university timetabling: an interactive approach},
  url           = {https://doi.org/10.1142/S0219622004000982},
  urlaccessdate = {21/05/2024},
  volume        = {3},
  year          = {2004}
}

@book{PierreSWEBOK2014,
  abstract      = {The purpose of the Guide to the Software Engineering Body of Knowledge is to provide a validated classification of the bounds of the software engineering discipline and topical access that will support this discipline. The Body of Knowledge is subdivided into a set of software engineering Knowledge Areas (KA) that differentiate among the various important concepts, allowing readers to find their way quickly to subjects of interest. Upon finding a subject, readers are referred to key papers or book chapters. SWEBOK Guide V3.0 builds upon SWEBOK 2004 to refresh and add new reviewed content. Emphases on engineering practice lead the Guide toward a strong relationship with the normative literature. The normative literature is validated by consensus formed among practitioners and is concentrated in standards and related documents. The two major standards bodies for software engineering (IEEE Computer Society Software and Systems Engineering Standards Committee and ISO/IEC JTC1/SC7) are represented in the project. The Guide is oriented toward a variety of audiences, all over the world. It aims to serve public and private organizations in need of a consistent view of software engineering for defining education and training requirements, classifying jobs, developing performance evaluation policies or specifying software development tasks. It also addresses practicing, or managing, software engineers and the officials responsible for making public policy regarding licensing and professional guidelines. In addition, professional societies and educators defining the certification rules, accreditation policies for university curricula, and guidelines for professional practice will benefit from the SWEBOK Guide, as well as the students learning the software engineering profession and educators and trainers engaged in defining curricula and course content. It is hoped that readers will find this book useful in guiding them toward the knowledge and resources they need in their lifelong career development as software engineering professionals.},
  address       = {Washington, DC, USA},
  author        = {Pierre, Bourque AND Richard E. Fairley AND IEEE Computer Society},
  edition       = {Version 3.0},
  editor        = {Bourque, Pierre and Fairley, Richard E.},
  isbn          = {978-0769551661},
  keywords      = {01841 103 ieee book software engineering guide},
  language      = {eng},
  note          = {OCLC: 880350861},
  publisher     = {IEEE Computer Society Press},
  shorttitle    = {SWEBOK},
  title         = {SWEBOK: Guide to the Software Engineering Body of Knowledge},
  url           = {https://ieeecs-media.computer.org/media/education/swebok/swebok-v3.pdf},
  urlaccessdate = {25/04/2024},
  year          = {2014}
}

@mastersthesis{Poulsen2012,
  annote        = {Tem boas imagens},
  author        = {Camilo José Bornia Poulsen AND Denise Lindstrom Bandeira},
  journal       = {Simulated Annealing},
  keywords      = {School Timetabling Problem. Grade horária. Simulated annealing. Meta-heurística. Pesquisa operacional.},
  language      = {pt},
  month         = feb,
  title         = {Desenvolvimento de um Modelo para o School Timetabling Problem Baseado na Meta-Heurística Simulated Annealing},
  url           = {http://hdl.handle.net/10183/39522},
  urlaccessdate = {25/04/2024},
  year          = {2012}
}

@manual{PPCCC2005,
  address       = {Universidade Estadual do Norte Fluminense Darcy Ribeiro},
  author        = {{Universidade Estadual do Norte Fluminense Darcy Ribeiro} UENF},
  note          = {Comissão para Elaboração da Proposta de Criação do Curso de Graduação em Computação e Informática do CCT. Também disponível em: \url{https://www.academia.edu/2584459}},
  pages         = {37},
  title         = {Projeto Pedagógico do Curso de Ciência da Computação (Modalidade Bacharelado) - 2005},
  url           = {https://doi.org/10.13140/RG.2.2.28825.01127},
  urlaccessdate = {04/05/2024},
  year          = {2005}
}

@manual{PPCCC2015,
  address = {Universidade Estadual do Norte Fluminense Darcy Ribeiro},
  author  = {{Universidade Estadual do Norte Fluminense Darcy Ribeiro} UENF},
  note    = {Direção Administrativa e Acadêmica da UENF/CCT},
  month   = apr,
  title   = {Projeto Pedagógico do Curso de Ciência da Computação (Modalidade Bacharelado) - 2015},
  year    = {2015}
}

@manual{PPCCC2022,
  address       = {Universidade Estadual do Norte Fluminense Darcy Ribeiro},
  author        = {{Universidade Estadual do Norte Fluminense Darcy Ribeiro} UENF},
  month         = nov,
  note          = {Direção Administrativa e Acadêmica da UENF/CCT},
  pages         = {128},
  title         = {Projeto Pedagógico do Curso de Ciência da Computação (Modalidade Bacharelado) - 2022},
  url           = {https://uenf.br/graduacao/wp-content/uploads/2024/01/PPC_Ciencia_da_Computacao.pdf},
  urlaccessdate = {04/05/2024},
  year          = {2022}
}

@manual{RegimentoCâmaraGraduação2012,
  address       = {Universidade Estadual do Norte Fluminense Darcy Ribeiro},
  author        = {{Universidade Estadual do Norte Fluminense Darcy Ribeiro} UENF AND {Colegiado Acadêmico} AND {Câmara de Gradua{\c{c}}{\~a}o} AND {Secretaria Acadêmica}},
  month         = jun,
  pages         = {17},
  title         = {Regimento da Câmara de Graduação da UENF},
  url           = {https://uenf.br/graduacao/wp-content/uploads/2019/10/RegimentoGraduacao2019.pdf},
  urlaccessdate = {04/05/2024},
  year          = {2019}
}

@manual{RegimentoGeralGraduação2012,
  address       = {Universidade Estadual do Norte Fluminense Darcy Ribeiro},
  author        = {{Universidade Estadual do Norte Fluminense Darcy Ribeiro} UENF},
  month         = mar,
  pages         = {59},
  title         = {Regimento Geral da Graduação},
  url           = {https://uenf.br/reitoria/secacad/files/2012/08/Regimento-atualizado-2016-2.pdf},
  urlaccessdate = {04/05/2024},
  year          = {2012}
}

@manual{RegimentoGeralUENF2006,
  address       = {Universidade Estadual do Norte Fluminense Darcy Ribeiro},
  author        = {{Universidade Estadual do Norte Fluminense Darcy Ribeiro} UENF AND {Conselho Universitário} CONSUNI},
  month         = jul,
  pages         = {25},
  title         = {Regimento Geral da UENF},
  url           = {https://uenf.br/dga/grh/files/2016/06/Pessoal.Regimento-interno.pdf},
  urlaccessdate = {04/05/2024},
  year          = {2006}
}

@inproceedings{ribic_school_2012,
  address       = {Belgrade, Serbia},
  author        = {Ribic, Samir},
  booktitle     = {2012 20th Telecommunications Forum (TELFOR)},
  doi           = {10.1109/TELFOR.2012.6419556},
  isbn          = {978-1-4673-2984-2 978-1-4673-2983-5 978-1-4673-2982-8},
  keywords      = {Equations;Domain specific languages;Educational institutions;Optimization;Manuals;Schedules;DSL;Timetabling;domain specific languages},
  month         = nov,
  pages         = {1709--1712},
  publisher     = {IEEE},
  title         = {A school timetable description language},
  url           = {https://doi.org/10.1109/TELFOR.2012.6419556},
  urlaccessdate = {25/04/2024},
  year          = {2012}
}

@thesis{RicardoSilveira2014,
  address = {Campos dos Goytacazes, RJ},
  author  = {Ricardo Couto da Silveira},
  month   = dec,
  school  = {Universidade Estadual do Norte Fluminense},
  title   = {Métodos heurísticos na resolução do Problema de Programação de Horários},
  type    = {Tese de Bacharelado},
  year    = {2014}
}

@article{robinson_alves_lemos_roteiro_2017,
  author        = {Robinson Alves Lemos and Maurino Candeias Maria},
  doi           = {10.13140/RG.2.2.11890.81602},
  language      = {en},
  note          = {Publisher: Mato Grosso State University},
  title         = {Roteiro de uso do programa FET para obtenção de grade horária automatizada para o curso de administração da UNEMAT de Tangará},
  url           = {https://doi.org/10.13140/RG.2.2.11890.81602},
  urlaccessdate = {25/04/2024},
  year          = {2017}
}

@thesis{SanyaSantos2013,
  address = {Campos dos Goytacazes, RJ},
  author  = {S{\^a}nya Carvalho dos Santos},
  month   = sep,
  school  = {Universidade Estadual do Norte Fluminense},
  title   = {Heurística para o problema da programação de horário: estudo de caso do curso de ciência da computação da Universidade Estadual do Norte Fluminense},
  type    = {Tese de Bacharelado},
  year    = {2013}
}

@article{schimmelpfeng_application_2007,
  author        = {Schimmelpfeng, Katja and Helber, Stefan},
  doi           = {10.1007/s00291-006-0074-z},
  issn          = {0171-6468, 1436-6304},
  journal       = {OR Spectrum},
  language      = {en},
  month         = jul,
  number        = {4},
  pages         = {783--803},
  title         = {Application of a real-world university-course timetabling model solved by integer programming},
  url           = {https://doi.org/10.1007/s00291-006-0074-z},
  urlaccessdate = {25/04/2024},
  volume        = {29},
  year          = {2007}
}

@phdthesis{Souza2000,
  author        = {Marcone Jamilson Freitas Souza},
  keywords      = {Programação de horários em escolas. Metaheurísticas. Otimização Combinatória.},
  language      = {pt},
  month         = dec,
  school        = {Universidade Federal do Rio de Janeiro},
  title         = {Programação de horários em escolas: uma aproximação por metaheurísticas},
  url           = {https://www.cos.ufrj.br/uploadfile/1364834833.pdf},
  urlaccessdate = {21/05/2024},
  year          = {2000}
}

@article{teghem_metaheuristics_2010,
  author        = {Teghem, Jacques},
  doi           = {10.1016/j.ejor.2009.12.010},
  issn          = {03772217},
  journal       = {European Journal of Operational Research},
  language      = {en},
  month         = sep,
  number        = {2},
  pages         = {486--487},
  title         = {Metaheuristics. From Design to Implementation},
  url           = {https://doi.org/10.1016/j.ejor.2009.12.010},
  urlaccessdate = {25/04/2024},
  volume        = {205},
  year          = {2010}
}

@misc{TheCultOfDone2016,
  author        = {Kio Stark AND Bre Pettis},
  howpublished  = {Página na internet},
  keywords      = {Manifesto. Design. Cult Of Done. Creativity. Making.},
  language      = {en},
  month         = aug,
  title         = {The Cult of Done Manifesto},
  url           = {https://medium.com/@bre/the-cult-of-done-manifesto-724ca1c2ff13},
  urlaccessdate = {09/05/2024},
  year          = {2016}
}

@inproceedings{thomas_visual_2008,
  address       = {Penang, Malaysia},
  author        = {Thomas, J. Joshua and Khader, Ahamad Tajudin and Belaton, Bahari},
  booktitle     = {2008 Fifth International Conference on Computer Graphics, Imaging and Visualisation},
  doi           = {10.1109/CGIV.2008.16},
  isbn          = {978-0-7695-3359-9},
  month         = aug,
  pages         = {305--310},
  publisher     = {IEEE},
  title         = {A Visual Analytics Framework for the Examination Timetabling Problem},
  url           = {https://doi.org/10.1109/CGIV.2008.16},
  urlaccessdate = {25/04/2024},
  year          = {2008}
}

@inproceedings{Thomas2009,
  address       = {Tianjin, China},
  author        = {Thomas, J. Joshua and Khader, Ahamad Tajudin and Belaton, Bahari},
  booktitle     = {2009 Sixth International Conference on Computer Graphics, Imaging and Visualization},
  doi           = {10.1109/CGIV.2009.23},
  isbn          = {978-0-7695-3789-4},
  keywords      = {Data visualization;Visual analytics;Educational institutions;Information analysis;Human computer interaction;Computer graphics;Processor scheduling;Data preprocessing;Knowledge representation;Decision making;Information visualization;Graph visualization;Examination timetabling;visual analytics},
  month         = aug,
  pages         = {454--458},
  publisher     = {IEEE},
  title         = {Visualization Techniques on the Examination Timetabling Pre-processing Data},
  url           = {https://doi.org/10.1109/CGIV.2009.23},
  urlaccessdate = {25/04/2024},
  year          = {2009}
}

@article{van_bulck_international_2023,
  abstract      = {The fifth International Timetabling Competition ITC2021 aims to instigate further research on automated sports timetabling. The competition's problem consists of constructing a compact double round-robin tournament with 16 to 20 teams while respecting various hard constraints and minimizing the penalties from violated soft constraints. This paper focuses on the organization of the ITC2021 competition, with a particular focus on the generation of a set of artificial though challenging, realistic, and diverse problem instances. For the latter, we present a set of features describing the structure of the problem instances, and use these features to construct the so-called instance space for sports timetabling. Several gaps in this space hint that existing problem instances from the literature are not very diverse. We therefore propose a novel integer programming approach to determine the feature values that cover these gaps, and show how to generate associated problem instances. Finally, we provide an overview of the participants and their contributions.},
  author        = {David Van Bulck and Dries Goossens},
  doi           = {10.1016/j.ejor.2022.11.046},
  issn          = {0377-2217},
  journal       = {European Journal of Operational Research},
  keywords      = {OR in sports, Sports scheduling, Combinatorial optimization competition, Instance space analysis, Instance generation},
  language      = {en},
  month         = aug,
  number        = {3},
  pages         = {1249--1267},
  title         = {The international timetabling competition on sports timetabling (ITC2021)},
  url           = {https://doi.org/10.1016/j.ejor.2022.11.046},
  urlaccessdate = {25/04/2024},
  volume        = {308},
  year          = {2023}
}

@article{vigneswari_improved_2016,
  author        = {Vigneswari, T. and Maluk Mohamed, M.A.},
  doi           = {10.19026/rjaset.13.2887},
  issn          = {20407459, 20407467},
  journal       = {Research Journal of Applied Sciences, Engineering and Technology},
  month         = jul,
  number        = {1},
  pages         = {30--41},
  title         = {Improved Grid Scheduling Using Hybrid Heuristic Algorithms with Enhanced Initial Solutions},
  url           = {https://doi.org/10.19026/rjaset.13.2887},
  urlaccessdate = {25/04/2024},
  volume        = {13},
  year          = {2016}
}

@incollection{Wren1996,
  abstract      = {Computer solution of timetabling, scheduling and rostering problems has been addressed in the literature since the 1950's. Early mathematical formulations proved impossible to solve given the limited computer power of the era. However, heuristics, often very specialised, were used for certain problems from a very early date, although the term heuristic was not generally recognised until later; a few guaranteed optimality, some consistently produced good solutions, but most became unwieldy when adjusted to deal with practical situations. In some cases, weaknesses in the heuristics were overcome by appeal to manual intervention. Mathematical approaches to some problems returned to favour, successfully, around 1980. Some of the subsequent developments of these are very powerful in practical situations, but they are no panacea, and metaheuristics are the flavour of the nineties.},
  address       = {Berlin, Heidelberg},
  author        = {Anthony Wren},
  booktitle     = {Practice and Theory of Automated Timetabling},
  doi           = {10.1007/3-540-61794-9_51},
  editor        = {Goos, Gerhard and Hartmanis, Juris and Leeuwen, Jan and Burke, Edmund and Ross, Peter},
  isbn          = {978-3-540-61794-5 978-3-540-70682-3},
  keywords      = {Automat; Automated Timetabling; Automatische Terminplanung; Constraiint Satisfaction; Constraint-Erfüllung; Decision Support; Entscheidungsunterstützung; Genetic Algoriothms; Genetische Algorithmen; Search Algorithms; algorithm; algorithms; complexity; genetic algorithms; algorithm analysis and problem complexity},
  month         = sep,
  note          = {Series Title: Lecture Notes in Computer Science},
  pages         = {46--75},
  publisher     = {Springer Berlin Heidelberg},
  series        = {Lecture Notes in Computer Science},
  title         = {Scheduling, timetabling and rostering — A special relationship?},
  url           = {https://doi.org/10.1007/3-540-61794-9_51},
  urlaccessdate = {25/04/2024},
  volume        = {1153},
  year          = {1996}
}

